@TECHREPORT{graph,
    author = {Scott Fortin},
    title = {The Graph Isomorphism Problem},
    institution = {},
    year = {1996}
}

@TECHREPORT{ksubgraph,
    author = {Alain Billionnet},
    title = {Different formulations for solving the heaviest k-subgraph problem},
    institution = {},
    year = {2002}
}

@INPROCEEDINGS{cheating,
    author = {Darrell C. Anderson and Jeffrey S. Chase and Syam Gadde and Andrew J. Gallatin and Kenneth G. Yocum and Michael J. Feeley},
    title = {Cheating the I/O Bottleneck: Network Storage with Trapeze/Myrinet},
    booktitle = {IN PROCEEDINGS OF THE 1998 USENIX TECHNICAL CONFERENCE},
    year = {1998},
    pages = {143--154},
    publisher = {}
}

@article{datacenter,
    author = {Al-Fares, Mohammad and Loukissas, Alexander and Vahdat, Amin},
    title = {A Scalable, Commodity Data Center Network Architecture},
    journal = {SIGCOMM Comput. Commun. Rev.},
    volume = {38},
    number = {4},
    month = aug,
    year = {2008},
    issn = {0146-4833},
    pages = {63--74},
    publisher = {ACM},
    address = {New York, NY, USA},
}

@MANUAL{openflow,
    title        = "OpenFlow Switch Specification",
    organization = "Open Network Foundation",
    edition      = "Version 1.0.0",
    year         = "2009"
}

@ARTICLE{monitoringlatency,
    author  = "Kevin Phemius and Mathieu Bouet",
    title   = "Monitoring latency with openflow",
    journal = "2013 9th International Conference on Network and Service Management (CNSM)",
    year    = "2013",
    pages   = "122-125"
}

@INPROCEEDINGS{flowsense,
    author    = "Curtis Yu and Cristian Lumezanu and Yueping Zhang and Vishal Singh and Guofei Jiang and Harsha V. Madhyastha",
    title     = "FlowSense: Monitoring Network Utilization with Zero Measurement Cost",
    booktitle = "Passive and Active Measurement",
    year      = "2013",
    volume    = "7799",
    pages     = "31-41",
    publisher = "Springer Berlin Heidelberg"
}

@INPROCEEDINGS{opentm,
    author    = "Amin Tootoonchian and Monia Ghobadi and Yashar Ganjali",
    title     = "OpenTM: Traffic Matrix Estimator for OpenFlow Networks",
    booktitle = "Passive and Active Measurement",
    year      = "2010",
    volume    = "6032",
    pages     = "201-210",
    publisher = "Springer Berlin Heidelberg"
}

@inproceedings{opennetmon,
    author = {van Adrichem, Niels L. M. and Doerr, Christian and Kuipers, Fernando A.},
    booktitle = {2014 {IEEE} Network Operations and Management Symposium, {NOMS} 2014, Krakow, Poland, May 5-9, 2014},
    pages = {1--8},
    title = {OpenNetMon: Network monitoring in OpenFlow Software-Defined Networks},
    year = {2014}
}

@inproceedings{programmingatruntime,
    author = {Wang, Guohui and Ng, T.S. Eugene and Shaikh, Anees},
    title = {Programming Your Network at Run-time for Big Data Applications},
    booktitle = {Proceedings of the First Workshop on Hot Topics in Software Defined Networks},
    series = {HotSDN '12},
    year = {2012},
    isbn = {978-1-4503-1477-0},
    pages = {103--108},
    publisher = {ACM},
    address = {New York, NY, USA},
}

@inproceedings{pythia,
    author = {Neves, Marcelo Veiga and Rose, C{\'e}sar A. F. De and Katrinis, Kostas and Franke, Hubertus},
    title = {Pythia: Faster Big Data in Motion Through Predictive Software-Defined Network Optimization at Runtime},
    booktitle = {Proceedings of the 2014 IEEE 28th International Parallel and Distributed Processing Symposium},
    series = {IPDPS '14},
    year = {2014},
    isbn = {978-1-4799-3800-1},
    pages = {82--90},
    publisher = {IEEE Computer Society},
    address = {Washington, DC, USA},
}

@inproceedings{query,
    author = {Xiong, Pengcheng and Hacigumus, Hakan and Naughton, Jeffrey F.},
    title = {A Software-defined Networking Based Approach for Performance Management of Analytical Queries on Distributed Data Stores},
    booktitle = {Proceedings of the 2014 ACM SIGMOD International Conference on Management of Data},
    series = {SIGMOD '14},
    year = {2014},
    isbn = {978-1-4503-2376-5},
    pages = {955--966},
    publisher = {ACM},
    address = {New York, NY, USA},
}
